@article{serra2011using,
  title={Using ecological modeling to enhance instruction in population dynamics and to stimulate scientific thinking},
  author={Serra, Hiraldo and Godoy, Wesley Augusto Conde and others},
  journal={Creative Education},
  volume={2},
  number={02},
  pages={83},
  year={2011},
  publisher={Scientific Research Publishing}
}

@article{motta2013mathematical,
  title={Mathematical modeling of biological systems},
  author={Motta, Santo and Pappalardo, Francesco},
  journal={Briefings in Bioinformatics},
  volume={14},
  number={4},
  pages={411--422},
  year={2013},
  publisher={Oxford University Press}
}

@book{friedman2014mathematical,
  title={Mathematical modeling of biological processes},
  author={Friedman, Avner and Kao, Chiu-Yen},
  year={2014},
  publisher={Springer}
}

@book{gold1977mathematical,
  title={Mathematical modeling of biological systems. An introductory guidebook.},
  author={Gold, Harvey J and others},
  year={1977},
  publisher={John Wiley \& Sons, Inc.}
}

@book{kapur1988mathematical,
  title={Mathematical modelling},
  author={Kapur, Jagat Narain},
  year={1988},
  publisher={New Age International}
}

@article{almeida2021formulation,
  title={The formulation of hypotheses in mathematical modelling activities},
  author={Almeida, Lourdes Maria Werle de and Sousa, B{\'a}rbara Nivalda Palharini Alvim and Tortola, Emerson},
  journal={Acta Scientiae. Revista de Ensino de Ci{\^e}ncias e Matem{\'a}tica},
  volume={23},
  number={5},
  pages={66--93},
  year={2021},
  publisher={Universidade Luterana do Brasil (ULBRA)}
}

@book{fowler1997mathematical,
  title={Mathematical models in the applied sciences},
  author={Fowler, Andrew Cadle and Fowler, Anna C and Fowler, AC},
  volume={17},
  year={1997},
  publisher={Cambridge University Press}
}

@inproceedings{tabassum2019mathematical,
  title={Mathematical modeling of cancer growth process: a review},
  author={Tabassum, Shabana and Rosli, Norhayati Binti and Mazalan, Mazma Sayahidatul Ayuni Binti},
  booktitle={Journal of Physics: Conference Series},
  volume={1366},
  number={1},
  pages={012018},
  year={2019},
  organization={IOP Publishing}
}

@article{altrock2015mathematics,
  title={The mathematics of cancer: integrating quantitative models},
  author={Altrock, Philipp M and Liu, Lin L and Michor, Franziska},
  journal={Nature Reviews Cancer},
  volume={15},
  number={12},
  pages={730--745},
  year={2015},
  publisher={Nature Publishing Group}
}

@book{tsodikov1996stochastic,
  title={Stochastic models of tumor latency and their biostatistical applications},
  author={Tsodikov, Alexander D and Yakovlev, Andrei Yu and Asselain, B},
  volume={1},
  year={1996},
  publisher={World Scientific}
}

@inproceedings{figueredo2013investigating,
  title={Investigating mathematical models of immuno-interactions with early-stage cancer under an agent-based modelling perspective},
  author={Figueredo, Grazziela P and Siebers, Peer-Olaf and Aickelin, Uwe},
  booktitle={BMC bioinformatics},
  volume={14},
  number={6},
  pages={1--20},
  year={2013},
  organization={BioMed Central}
}

@article{ji2020mathematical,
  title={Mathematical modelling of the role of Endo180 network in the development of metastatic bone disease in prostate cancer},
  author={Ji, Bing and Chen, Jie and Zhen, Changqing and Yang, Qing and Yu, Nengwang},
  journal={Computers in Biology and Medicine},
  volume={117},
  pages={103619},
  year={2020},
  publisher={Elsevier}
}

@article{haupt2021mathematical,
  title={Mathematical modeling of multiple pathways in colorectal carcinogenesis using dynamical systems with Kronecker structure},
  author={Haupt, Saskia and Zeilmann, Alexander and Ahadova, Aysel and Bl{\"a}ker, Hendrik and von Knebel Doeberitz, Magnus and Kloor, Matthias and Heuveline, Vincent},
  journal={PLoS computational biology},
  volume={17},
  number={5},
  pages={e1008970},
  year={2021},
  publisher={Public Library of Science San Francisco, CA USA}
}

@inproceedings{feitelson2015sustained,
  title={Sustained proliferation in cancer: Mechanisms and novel therapeutic targets},
  author={Feitelson, Mark A and Arzumanyan, Alla and Kulathinal, Rob J and Blain, Stacy W and Holcombe, Randall F and Mahajna, Jamal and Marino, Maria and Martinez-Chantar, Maria L and Nawroth, Roman and Sanchez-Garcia, Isidro and others},
  booktitle={Seminars in cancer biology},
  volume={35},
  pages={S25--S54},
  year={2015},
  organization={Elsevier}
}
@inproceedings{danos2007rule,
  title={Rule-based modelling of cellular signalling},
  author={Danos, Vincent and Feret, J{\'e}r{\^o}me and Fontana, Walter and Harmer, Russell and Krivine, Jean},
  booktitle={International conference on concurrency theory},
  pages={17--41},
  year={2007},
  organization={Springer}
}

@article{jordan2000interleukin,
  title={The interleukin-3 receptor alpha chain is a unique marker for human acute myelogenous leukemia stem cells},
  author={Jordan, CT and Upchurch, D and Szilvassy, SJ and Guzman, ML and Howard, DS and Pettigrew, AL and Meyerrose, T and Rossi, R and Grimes, B and Rizzieri, DA and others},
  journal={Leukemia},
  volume={14},
  number={10},
  pages={1777--1784},
  year={2000},
  publisher={Nature Publishing Group}
}

@article{strasser2000apoptosis,
  title={Apoptosis signaling},
  author={Strasser, Andreas and O'Connor, Liam and Dixit, Vishva M},
  journal={Annual review of biochemistry},
  volume={69},
  number={1},
  pages={217--245},
  year={2000},
  publisher={Annual Reviews 4139 El Camino Way, PO Box 10139, Palo Alto, CA 94303-0139, USA}
}

@article{kang2016integrated,
  title={Integrated genomic analyses identify frequent gene fusion events and VHL inactivation in gastrointestinal stromal tumors},
  author={Kang, Guhyun and Yun, Hongseok and Sun, Choong-Hyun and Park, Inho and Lee, Seungmook and Kwon, Jekeun and Do, Ingu and Hong, Min Eui and Van Vrancken, Michael and Lee, Jeeyun and others},
  journal={Oncotarget},
  volume={7},
  number={6},
  pages={6538},
  year={2016},
  publisher={Impact Journals, LLC}
}

@article{haluska2006genetic,
  title={Genetic alterations in signaling pathways in melanoma},
  author={Haluska, Frank G and Tsao, Hensin and Wu, Helen and Haluska, Frank S and Lazar, Alexander and Goel, Vikas},
  journal={Clinical cancer research},
  volume={12},
  number={7},
  pages={2301s--2307s},
  year={2006},
  publisher={AACR}
}

@article{peng2017lncrna,
  title={LncRNA-mediated regulation of cell signaling in cancer},
  author={Peng, Wan-Xin and Koirala, Pratirodh and Mo, Yin-Yuan},
  journal={Oncogene},
  volume={36},
  number={41},
  pages={5661--5667},
  year={2017},
  publisher={Nature Publishing Group}
}

@article{crosas2022rho,
  title={Rho GTPase signaling in cancer progression and dissemination},
  author={Crosas-Molist, Eva and Samain, Remi and Kohlhammer, Leonie and Orgaz, Jose L and George, Samantha L and Maiques, Oscar and Barcelo, Jaume and Sanz-Moreno, Victoria},
  journal={Physiological Reviews},
  volume={102},
  number={1},
  pages={455--510},
  year={2022},
  publisher={American Physiological Society Rockville, MD}
}

@article{kazi2014socs,
  title={SOCS proteins in regulation of receptor tyrosine kinase signaling},
  author={Kazi, Julhash U and Kabir, Nuzhat N and Flores-Morales, Amilcar and R{\"o}nnstrand, Lars},
  journal={Cellular and molecular life sciences},
  volume={71},
  number={17},
  pages={3297--3310},
  year={2014},
  publisher={Springer}
}

@inproceedings{gadina2013janus,
  title={Janus kinases: an ideal target for the treatment of autoimmune diseases},
  author={Gadina, Massimo},
  booktitle={Journal of Investigative Dermatology Symposium Proceedings},
  volume={16},
  number={1},
  pages={S70--S72},
  year={2013},
  organization={Elsevier}
}

@article{tamiya2011suppressors,
  title={Suppressors of cytokine signaling (SOCS) proteins and JAK/STAT pathways: regulation of T-cell inflammation by SOCS1 and SOCS3},
  author={Tamiya, Taiga and Kashiwagi, Ikko and Takahashi, Reiko and Yasukawa, Hideo and Yoshimura, Akihiko},
  journal={Arteriosclerosis, thrombosis, and vascular biology},
  volume={31},
  number={5},
  pages={980--985},
  year={2011},
  publisher={Am Heart Assoc}
}

@book{burden2015numerical,
  title={Numerical analysis},
  author={Burden, Richard L and Faires, J Douglas and Burden, Annette M},
  year={2015},
  publisher={Cengage learning}
}

@article{heydari2016theoretical,
  title={Theoretical and numerical analysis of approximate dynamic programming with approximation errors},
  author={Heydari, Ali},
  journal={Journal of Guidance, Control, and Dynamics},
  volume={39},
  number={2},
  pages={301--311},
  year={2016},
  publisher={American Institute of Aeronautics and Astronautics}
}

@article{haan2006jaks,
  title={Jaks and cytokine receptors—an intimate relationship},
  author={Haan, Claude and Kreis, Stephanie and Margue, Christiane and Behrmann, Iris},
  journal={Biochemical pharmacology},
  volume={72},
  number={11},
  pages={1538--1546},
  year={2006},
  publisher={Elsevier}
}

@article{butti2018receptor,
  title={Receptor tyrosine kinases (RTKs) in breast cancer: signaling, therapeutic implications and challenges},
  author={Butti, Ramesh and Das, Sumit and Gunasekaran, Vinoth Prasanna and Yadav, Amit Singh and Kumar, Dhiraj and Kundu, Gopal C},
  journal={Molecular cancer},
  volume={17},
  number={1},
  pages={1--18},
  year={2018},
  publisher={BioMed Central}
}

@article{menck2021wnt,
  title={The WNT/ROR pathway in cancer: from signaling to therapeutic intervention},
  author={Menck, Kerstin and Heinrichs, Saskia and Baden, Cornelia and Bleckmann, Annalen},
  journal={Cells},
  volume={10},
  number={1},
  pages={142},
  year={2021},
  publisher={MDPI}
}

@article{kamrani2019therapeutic,
  title={Therapeutic approaches for targeting receptor tyrosine kinase like orphan receptor-1 in cancer cells},
  author={Kamrani, Amin and Mehdizadeh, Amir and Ahmadi, Majid and Aghebati-Maleki, Leili and Yousefi, Mehdi},
  journal={Expert Opinion on Therapeutic Targets},
  volume={23},
  number={5},
  pages={447--456},
  year={2019},
  publisher={Taylor \& Francis}
}

@article{pan2016emerging,
  title={The emerging roles of long noncoding RNA ROR (lincRNA-ROR) and its possible mechanisms in human cancers},
  author={Pan, Yan and Li, Chen and Chen, Jing and Zhang, Kai and Chu, Xiaoyuan and Wang, Rui and Chen, Longbang},
  journal={Cellular physiology and biochemistry},
  volume={40},
  number={1-2},
  pages={219--229},
  year={2016},
  publisher={Karger Publishers}
}

@article{mahmoudian2021interaction,
  title={Interaction between LINC-ROR and stemness state in gastric cancer cells with helicobacter pylori Infection},
  author={Mahmoudian, Reihaneh Alsadat and Gharaie, Maryam Lotfi and Abbaszadegan, Roya and Forghanifard, Mohammad Mahdi and Abbaszadegan, Mohammad Reza},
  journal={Iranian Biomedical Journal},
  volume={25},
  number={3},
  pages={157},
  year={2021},
  publisher={Pasteur Institute of Iran}
}

@article{maruta1994regulation,
  title={Regulation of the Ras signalling network},
  author={Maruta, Hiroshi and Burgess, Antony W},
  journal={Bioessays},
  volume={16},
  number={7},
  pages={489--496},
  year={1994},
  publisher={Wiley Online Library}
}

@article{rizzatti2005gene,
  title={Gene expression profiling of mantle cell lymphoma cells reveals aberrant expression of genes from the PI3K-AKT, WNT and TGF$\beta$ signalling pathways},
  author={Rizzatti, Edgar Gil and Falc{\~a}o, Roberto Passetto and Panepucci, Rodrigo Alexandre and Proto-Siqueira, Rodrigo and Anselmo-Lima, Wilma Terezinha and Okamoto, Oswaldo Keith and Zago, Marco Antonio},
  journal={British journal of haematology},
  volume={130},
  number={4},
  pages={516--526},
  year={2005},
  publisher={Wiley Online Library}
}

@article{lombardi2013solar,
  title={Solar UV Radiation and Cancer in Young ChildrenSolar UV Radiation and Cancer in Young Children},
  author={Lombardi, Christina and Heck, Julia E and Cockburn, Myles and Ritz, Beate},
  journal={Cancer epidemiology, biomarkers \& prevention},
  volume={22},
  number={6},
  pages={1118--1128},
  year={2013},
  publisher={AACR}
}

@article{meng2017identification,
  title={Identification of growth trait related genes in a Yorkshire purebred pig population by genome-wide association studies},
  author={Meng, Qingli and Wang, Kejun and Liu, Xiaolei and Zhou, Haishen and Xu, Li and Wang, Zhaojun and Fang, Meiying},
  journal={Asian-Australasian journal of animal sciences},
  volume={30},
  number={4},
  pages={462},
  year={2017},
  publisher={Asian-Australasian Association of Animal Production Societies (AAAP)}
}

@article{hansen2015gut,
  title={The gut microbiome in cardio-metabolic health},
  author={Hansen, Tue H and G{\o}bel, Rikke J and Hansen, Torben and Pedersen, Oluf},
  journal={Genome medicine},
  volume={7},
  number={1},
  pages={1--16},
  year={2015},
  publisher={BioMed Central}
}

@article{cui2018numerical,
  title={Numerical analysis and experimental investigation into the effects of manufacturing errors on the running accuracy of the aerostatic porous spindle},
  author={Cui, Hailong and Wang, Yang and Yue, Xiaobin and Huang, Ming and Wang, Wei and Jiang, Zhengyi},
  journal={Tribology International},
  volume={118},
  pages={20--36},
  year={2018},
  publisher={Elsevier}
}

@article{islam2015comparative,
  title={A comparative study on numerical solutions of initial value problems (IVP) for ordinary differential equations (ODE) with Euler and Runge Kutta Methods},
  author={Islam, Md Amirul and others},
  journal={American Journal of computational mathematics},
  volume={5},
  number={03},
  pages={393},
  year={2015},
  publisher={Scientific Research Publishing}
}


@article{tan2012general,
  title={On a general formula of fourth order Runge-Kutta method},
  author={Tan, Delin and Chen, Zheng},
  journal={Journal of Mathematical Science \& Mathematics Education},
  volume={7},
  number={2},
  pages={1--10},
  year={2012}
}


@article{mehdi2017using,
  title={Using fourth-order Runge-Kutta method to solve L{\"u} chaotic system},
  author={Mehdi, Sadiq A and Kareem, Rabiha Saleem},
  journal={American Journal of Engineering Research},
  volume={6},
  number={1},
  pages={72--77},
  year={2017}
}

@book{tobies2012iris,
  title={Iris Runge: A Life at the Crossroads of Mathematics, Science, and Industry},
  author={Tobies, Renate and Pakis, Valentine A},
  year={2012},
  publisher={Springer}
}

@misc{trefethen2015invented,
  title={Who invented the great numerical algorithms?},
  author={Trefethen, Nick},
  year={2015}
}

@misc{rungekutta_2023_webpage,
author = {GeeksforGeeks},
title = {Runge-Kutta 4th Order Method to Solve Differential Equation},
year = {2023},
url = {https://www.geeksforgeeks.org/runge-kutta-4th-order-method-solve-differential-equation/},
note = {Accessed: January 25, 2023},
}

@article{hossain2017comparative,
  title={A comparative study on fourth order and butcher’s fifth order runge-kutta methods with third order initial value problem (IVP)},
  author={Hossain, M Babul and Hossain, Md Jahangir and Miah, Md Musa and Alam, Md Shah},
  journal={Appl. Comput. Math},
  volume={6},
  number={6},
  pages={243},
  year={2017}
}

@article{dontchev2000second,
  title={Second-order Runge--Kutta approximations in control constrained optimal control},
  author={Dontchev, Asen L and Hager, William W and Veliov, Vladimir M},
  journal={SIAM journal on numerical analysis},
  volume={38},
  number={1},
  pages={202--226},
  year={2000},
  publisher={SIAM}
}

@article{biswas2013discussion,
  title={A discussion on Euler method: A review},
  author={Biswas, BN and Chatterjee, Somnath and Mukherjee, SP and Pal, Subhradeep},
  journal={Electronic Journal of Mathematical Analysis and Applications},
  volume={1},
  number={2},
  pages={2090--2792},
  year={2013}
}

@article{zondervan1998review,
  title={A review of propeller modelling techniques based on Euler methods},
  author={Zondervan, GJD},
  journal={Series 01: Aerodynamics 05},
  year={1998},
  publisher={Delft University Press}
}

@article{mazandarani2013modified,
  title={Modified fractional Euler method for solving fuzzy fractional initial value problem},
  author={Mazandarani, Mehran and Kamyad, Ali Vahidian},
  journal={Communications in Nonlinear Science and Numerical Simulation},
  volume={18},
  number={1},
  pages={12--21},
  year={2013},
  publisher={Elsevier}
}

 @misc{freecodecamp.org_2021, title={Euler's method explained with examples}, url={https://www.freecodecamp.org/news/eulers-method-explained-with-examples/}, journal={freeCodeCamp.org}, publisher={freeCodeCamp.org}, author={freeCodeCamp.org}, year={2021}, month={Apr}} 

 @article{lu2018activation,
  title={Activation of STAT3 and Bcl-2 and reduction of reactive oxygen species (ROS) promote radioresistance in breast cancer and overcome of radioresistance with niclosamide},
  author={Lu, Lu and Dong, Jiali and Wang, Lili and Xia, Qing and Zhang, Dan and Kim, Hyejin and Yin, Tao and Fan, Saijun and Shen, Qiang},
  journal={Oncogene},
  volume={37},
  number={39},
  pages={5292--5304},
  year={2018},
  publisher={Nature Publishing Group}
}

@article{avalle2012stat1,
  title={STAT1 and STAT3 in tumorigenesis: A matter of balance},
  author={Avalle, Lidia and Pensa, Sara and Regis, Gabriella and Novelli, Francesco and Poli, Valeria},
  journal={Jak-stat},
  volume={1},
  number={2},
  pages={65--72},
  year={2012},
  publisher={Taylor \& Francis}
}

@article{lee2021mathematical,
  title={Mathematical model of STAT signalling pathways in cancer development and optimal control approaches},
  author={Lee, Jonggul and Lee, Donggu and Kim, Yangjin},
  journal={Royal Society open science},
  volume={8},
  number={9},
  pages={210594},
  year={2021},
  publisher={The Royal Society}
}

@article{yang2021integrated,
  title={Integrated weighted gene co-expression network analysis uncovers STAT1 (signal transducer and activator of transcription 1) and IFI44L (interferon-induced protein 44-like) as key genes in pulmonary arterial hypertension},
  author={Yang, Han and Lu, Yang and Yang, Hongmin and Zhu, Yaoxi and Tang, Yaohan and Li, Lixia and Liu, Changhu and Yuan, Jing},
  journal={Bioengineered},
  volume={12},
  number={1},
  pages={6021--6034},
  year={2021},
  publisher={Taylor \& Francis}
}

@misc{stat3 protein expression summary - the human protein atlas_2014, url={https://www.proteinatlas.org/ENSG00000168610-STAT3}, journal={Proteinatlas.org}, year={2014} }

‌@article{tanaka2011stat3,
  title={STAT3 enhances intracellular Fas-mediated apoptotic signals in HHUA human endometrial epithelial cells},
  author={Tanaka, Tetsuji and Bai, Tao and Utsunomiya, Hirotoshi and Fukumoto, Takahiro and Yukawa, Kazunori},
  journal={Molecular Medicine Reports},
  volume={4},
  number={2},
  pages={307--312},
  year={2011},
  publisher={Spandidos Publications}
}

@incollection{alberts2002programmed,
  title={Programmed cell death (apoptosis)},
  author={Alberts, Bruce and Johnson, Alexander and Lewis, Julian and Raff, Martin and Roberts, Keith and Walter, Peter},
  booktitle={Molecular Biology of the Cell. 4th edition},
  year={2002},
  publisher={Garland Science}
}

@article{banjara2020bcl,
  title={The Bcl-2 family: ancient origins, conserved structures, and divergent mechanisms},
  author={Banjara, Suresh and Suraweera, Chathura D and Hinds, Mark G and Kvansakul, Marc},
  journal={Biomolecules},
  volume={10},
  number={1},
  pages={128},
  year={2020},
  publisher={MDPI}
}


@article{andreu2017bax,
  title={Bax transmembrane domain interacts with prosurvival Bcl-2 proteins in biological membranes},
  author={Andreu-Fern{\'a}ndez, Vicente and Sancho, M{\'o}nica and Genov{\'e}s, Ainhoa and Lucendo, Estefan{\'\i}a and Todt, Franziska and Lauterwasser, Joachim and Funk, Kathrin and Jahreis, G{\"u}nther and P{\'e}rez-Pay{\'a}, Enrique and Mingarro, Ismael and others},
  journal={Proceedings of the National Academy of Sciences},
  volume={114},
  number={2},
  pages={310--315},
  year={2017},
  publisher={National Acad Sciences}
}

@article{czabotar2014control,
  title={Control of apoptosis by the BCL-2 protein family: implications for physiology and therapy},
  author={Czabotar, Peter E and Lessene, Guillaume and Strasser, Andreas and Adams, Jerry M},
  journal={Nature reviews Molecular cell biology},
  volume={15},
  number={1},
  pages={49--63},
  year={2014},
  publisher={Nature Publishing Group}
}

@article{kim2019synergistic,
  title={Synergistic effects of bortezomib-OV therapy and anti-invasive strategies in glioblastoma: a mathematical model},
  author={Kim, Yangjin and Lee, Junho and Lee, Donggu and Othmer, Hans G},
  journal={Cancers},
  volume={11},
  number={2},
  pages={215},
  year={2019},
  publisher={MDPI}
}

@article{bagci2006bistability,
  title={Bistability in apoptosis: roles of bax, bcl-2, and mitochondrial permeability transition pores},
  author={Bagci, EZ and Vodovotz, Y and Billiar, TR and Ermentrout, GB and Bahar, I},
  journal={Biophysical journal},
  volume={90},
  number={5},
  pages={1546--1559},
  year={2006},
  publisher={Elsevier}
}

@article{gaudette2016low,
  title={Low expression of pro-apoptotic Bcl-2 family proteins sets the apoptotic threshold in Waldenstr{\"o}m macroglobulinemia},
  author={Gaudette, Brian T and Dwivedi, Bhakti and Chitta, Kasyapa S and Poulain, St{\'e}phanie and Powell, Doris and Vertino, Paula and Leleu, Xavier and Lonial, Sagar and Chanan-Khan, Asher A and Kowalski, Jeanne and others},
  journal={Oncogene},
  volume={35},
  number={4},
  pages={479--490},
  year={2016},
  publisher={Nature Publishing Group}
}

@article{deng2014sting,
  title={STING-dependent cytosolic DNA sensing promotes radiation-induced type I interferon-dependent antitumor immunity in immunogenic tumors},
  author={Deng, Liufu and Liang, Hua and Xu, Meng and Yang, Xuanming and Burnette, Byron and Arina, Ainhoa and Li, Xiao-Dong and Mauceri, Helena and Beckett, Michael and Darga, Thomas and others},
  journal={Immunity},
  volume={41},
  number={5},
  pages={843--852},
  year={2014},
  publisher={Elsevier}
}

@article{andrejeva2002degradation,
  title={Degradation of STAT1 and STAT2 by the V proteins of simian virus 5 and human parainfluenza virus type 2, respectively: consequences for virus replication in the presence of alpha/beta and gamma interferons},
  author={Andrejeva, J and Young, DF and Goodbourn, S and Randall, RE},
  journal={Journal of virology},
  volume={76},
  number={5},
  pages={2159--2167},
  year={2002},
  publisher={Am Soc Microbiol}
}

@article{yang2017porcine,
  title={Porcine reproductive and respiratory syndrome virus antagonizes JAK/STAT3 signaling via nsp5, which induces STAT3 degradation},
  author={Yang, Liping and Wang, Rong and Ma, Zexu and Xiao, Yueqiang and Nan, Yuchen and Wang, Yu and Lin, Shaoli and Zhang, Yan-Jin},
  journal={Journal of virology},
  volume={91},
  number={3},
  pages={e02087--16},
  year={2017},
  publisher={Am Soc Microbiol}
}

@article{magal2005downregulation,
  title={Downregulation of Bax mRNA expression and protein stability by the E6 protein of human papillomavirus 16},
  author={Magal, Sharon Shnitman and Jackman, Anna and Ish-Shalom, Shahar and Botzer, Liat Edri and Gonen, Pinhas and Schlegel, Richard and Sherman, Levana},
  journal={Journal of general virology},
  volume={86},
  number={3},
  pages={611--621},
  year={2005},
  publisher={Microbiology Society}
}

@article{xin2005nicotine,
  title={Nicotine inactivation of the proapoptotic function of Bax through phosphorylation},
  author={Xin, Meiguo and Deng, Xingming},
  journal={Journal of Biological Chemistry},
  volume={280},
  number={11},
  pages={10781--10789},
  year={2005},
  publisher={ASBMB}
}

@article{catani2016intratumoral,
  title={Intratumoral immunization by p19Arf and interferon-$\beta$ gene transfer in a heterotopic mouse model of lung carcinoma},
  author={Catani, Joao Paulo Portela and Medrano, Ruan FV and Hunger, Aline and Del Valle, Paulo and Adjemian, Sandy and Zanatta, Daniela Bertolini and Kroemer, Guido and Costanzi-Strauss, Eugenia and Strauss, Bryan E},
  journal={Translational Oncology},
  volume={9},
  number={6},
  pages={565--574},
  year={2016},
  publisher={Elsevier}
}

@article{salmon1996pharmacokinetics,
  title={Pharmacokinetics and pharmacodynamics of recombinant human interferon-$\beta$ in healthy male volunteers},
  author={Salmon, P and Le Cotonnec, J-Y and Galazka, A and Abdul-Ahad, A and Darragh, A},
  journal={Journal of interferon \& cytokine research},
  volume={16},
  number={10},
  pages={759--764},
  year={1996}
}

@article{lin2008fc,
  title={Fc-dependent expression of CD137 on human NK cells: insights into “agonistic” effects of anti-CD137 monoclonal antibodies},
  author={Lin, Wei and Voskens, Caroline J and Zhang, Xiaoyu and Schindler, Daniel G and Wood, Aaron and Burch, Erin and Wei, Yadong and Chen, Lieping and Tian, Guoliang and Tamada, Koji and others},
  journal={Blood, The Journal of the American Society of Hematology},
  volume={112},
  number={3},
  pages={699--707},
  year={2008},
  publisher={American Society of Hematology Washington, DC}
}

@article{crom1981cisplatin,
  title={Cisplatin disposition in children and adolescents with cancer},
  author={Crom, William R and Evans, William E and Pratt, Charles B and Senzer, Neil and Denison, Marilyn and Green, Alexander A and Ann Hayes, F and Yee, Gary C},
  journal={Cancer Chemotherapy and Pharmacology},
  volume={6},
  pages={95--99},
  year={1981},
  publisher={Springer}
}

@article{liu2014active,
  title={Active components with inhibitory activities on IFN-$\gamma$/STAT1 and IL-6/STAT3 signaling pathways from Caulis Trachelospermi},
  author={Liu, Xiao-Ting and Wang, Zhe-Xing and Yang, Yu and Wang, Lin and Sun, Ruo-Feng and Zhao, Yi-Min and Yu, Neng-Jiang},
  journal={Molecules},
  volume={19},
  number={8},
  pages={11560--11571},
  year={2014},
  publisher={MDPI}
}

@article{vickers2017animal,
  title={Animal communication: when i’m calling you, will you answer too?},
  author={Vickers, Neil J},
  journal={Current biology},
  volume={27},
  number={14},
  pages={R713--R715},
  year={2017},
  publisher={Elsevier}
}

@article{yu2009transcriptional,
  title={The transcriptional repressor Bcl-6 directs T follicular helper cell lineage commitment},
  author={Yu, Di and Rao, Sudha and Tsai, Louis M and Lee, Sau K and He, Yiqing and Sutcliffe, Elissa L and Srivastava, Monika and Linterman, Michelle and Zheng, Lei and Simpson, Nicholas and others},
  journal={Immunity},
  volume={31},
  number={3},
  pages={457--468},
  year={2009},
  publisher={Elsevier}
}

@article{glynn2014mathematical,
  title={Mathematical modeling of physiological systems: an essential tool for discovery},
  author={Glynn, Patric and Unudurthi, Sathya D and Hund, Thomas J},
  journal={Life sciences},
  volume={111},
  number={1-2},
  pages={1--5},
  year={2014},
  publisher={Elsevier}
}

@article{sible2007mathematical,
  title={Mathematical modeling as a tool for investigating cell cycle control networks},
  author={Sible, Jill C and Tyson, John J},
  journal={Methods},
  volume={41},
  number={2},
  pages={238--247},
  year={2007},
  publisher={Elsevier}
}

@article{song2021quantitative,
  title={Quantitative modeling to understand cell signaling in the tumor microenvironment},
  author={Song, Min and Li, Ding and Makaryan, Sahak Z and Finley, Stacey D},
  journal={Current Opinion in Systems Biology},
  volume={27},
  pages={100345},
  year={2021},
  publisher={Elsevier}
}

@article{schwab2020concepts,
  title={Concepts in Boolean network modeling: What do they all mean?},
  author={Schwab, Julian D and K{\"u}hlwein, Silke D and Ikonomi, Nensi and K{\"u}hl, Michael and Kestler, Hans A},
  journal={Computational and structural biotechnology journal},
  volume={18},
  pages={571--582},
  year={2020},
  publisher={Elsevier}
}

@article{bock2014boolesim,
  title={BooleSim: an interactive Boolean network simulator},
  author={Bock, Matthias and Scharp, Till and Talnikar, Chaitanya and Klipp, Edda},
  journal={Bioinformatics},
  volume={30},
  number={1},
  pages={131--132},
  year={2014},
  publisher={Oxford University Press}
}

@article{sever2015signal,
  title={Signal transduction in cancer},
  author={Sever, Richard and Brugge, Joan S},
  journal={Cold Spring Harbor perspectives in medicine},
  volume={5},
  number={4},
  pages={a006098},
  year={2015},
  publisher={Cold Spring Harbor Laboratory Press}
}

@article{martin2003cell,
  title={Cell signaling and cancer},
  author={Martin, G Steven},
  journal={Cancer cell},
  volume={4},
  number={3},
  pages={167--174},
  year={2003},
  publisher={Elsevier}
}

@article{bardwell2007mathematical,
  title={Mathematical models of specificity in cell signaling},
  author={Bardwell, Lee and Zou, Xiufen and Nie, Qing and Komarova, Natalia L},
  journal={Biophysical journal},
  volume={92},
  number={10},
  pages={3425--3441},
  year={2007},
  publisher={Elsevier}
}

@article{tian2017inference,
  title={Inference Method for Developing Mathematical Models of Cell Signaling Pathways Using Proteomic Datasets},
  author={Tian, Tianhai and Song, Jiangning},
  journal={Bioinformatics: Volume II: Structure, Function, and Applications},
  pages={329--344},
  year={2017},
  publisher={Springer}
}

@inproceedings{mat2019mathematical,
  title={Mathematical modeling and stability analysis of population dynamics},
  author={Mat Daud, Auni Aslah},
  booktitle={Dynamical Systems, Bifurcation Analysis and Applications: Penang, Malaysia, August 6--13, 2018},
  pages={3--13},
  year={2019},
  organization={Springer}
}